<?xml version="1.0" encoding="utf-8"?>
<record xmlns="http://www.loc.gov/MARC21/slim" xmlns:xsi="http://www.w3.org/2001/XMLSchema-instance" xsi:schemaLocation="http://www.loc.gov/MARC21/slim http://www.loc.gov/standards/marcxml/schema/MARC21slim.xsd">
	<leader>
		01983nam a2200445   4500
	</leader>
	<controlfield tag="001">
		001678421
	</controlfield>
	<controlfield tag="003">
		NNU
	</controlfield>
	<controlfield tag="006">
		m        d        
	</controlfield>
	<controlfield tag="007">
		cr cn |||m|||a
	</controlfield>
	<controlfield tag="008">
		150923m19619999iq      ob    000 0 araod
	</controlfield>
	<datafield ind1=" " ind2=" " tag="040">
		<subfield code="a">
			NNU
		</subfield>
		<subfield code="b">
			eng
		</subfield>
		<subfield code="e">
			rda
		</subfield>
		<subfield code="c">
			NNU
		</subfield>
	</datafield>
	<datafield ind1=" " ind2=" " tag="043">
		<subfield code="a">
			ar-----
		</subfield>
		<subfield code="a">
			aw-----
		</subfield>
		<subfield code="a">
			ff-----
		</subfield>
		<subfield code="a">
			e-sp---
		</subfield>
	</datafield>
	<datafield ind1=" " ind2="4" tag="050">
		<subfield code="a">
			DS231
		</subfield>
		<subfield code="b">
			.A5 1961
		</subfield>
	</datafield>
	<datafield ind1="1" ind2=" " tag="100">
		<subfield code="6">
			880-01
		</subfield>
		<subfield code="a">
			ʻAlī, Jawād.
		</subfield>
	</datafield>
	<datafield ind1="1" ind2="0" tag="245">
		<subfield code="6">
			880-02
		</subfield>
		<subfield code="a">
			Taʼrīkh al-ʻArab fī al-Islām, al-sīrah al-Nabawīyah /
		</subfield>
		<subfield code="c">
			taʼlīf Jawād ʻAlī.
		</subfield>
	</datafield>
	<datafield ind1=" " ind2=" " tag="260">
		<subfield code="6">
			880-03
		</subfield>
		<subfield code="a">
			Baghdād :
		</subfield>
		<subfield code="b">
			Maṭbaʻat al-Zaʻīm,
		</subfield>
		<subfield code="c">
			1961-
		</subfield>
	</datafield>
	<datafield ind1=" " ind2=" " tag="300">
		<subfield code="a">
			online resource (volumes)
		</subfield>
	</datafield>
	<datafield ind1=" " ind2=" " tag="336">
		<subfield code="a">
			text
		</subfield>
		<subfield code="2">
			rdacontent
		</subfield>
	</datafield>
	<datafield ind1=" " ind2=" " tag="337">
		<subfield code="a">
			computer
		</subfield>
		<subfield code="2">
			rdamedia
		</subfield>
	</datafield>
	<datafield ind1=" " ind2=" " tag="338">
		<subfield code="a">
			online resource
		</subfield>
		<subfield code="2">
			rdacarrier
		</subfield>
	</datafield>
	<datafield ind1=" " ind2=" " tag="500">
		<subfield code="a">
			Part of the Arabic Collections Online (ACO) project, contributed by New York Univeristy Libraries.
		</subfield>
	</datafield>
	<datafield ind1=" " ind2=" " tag="504">
		<subfield code="a">
			Includes bibliographical references.
		</subfield>
	</datafield>
	<datafield ind1=" " ind2=" " tag="533">
		<subfield code="a">
			Electronic reproduction.
		</subfield>
		<subfield code="b">
			New York, N.Y. :
		</subfield>
		<subfield code="c">
			New York University,
		</subfield>
		<subfield code="d">
			2015.
		</subfield>
		<subfield code="5">
			NNU
		</subfield>
	</datafield>
	<datafield ind1=" " ind2="0" tag="651">
		<subfield code="a">
			Arabian Peninsula
		</subfield>
		<subfield code="x">
			History.
		</subfield>
	</datafield>
	<datafield ind1="0" ind2="0" tag="600">
		<subfield code="6">
			880-04
		</subfield>
		<subfield code="a">
			Muḥammad,
		</subfield>
		<subfield code="c">
			Prophet,
		</subfield>
		<subfield code="d">
			-632.
		</subfield>
	</datafield>
	<datafield ind1=" " ind2="0" tag="651">
		<subfield code="a">
			Islamic Empire.
		</subfield>
	</datafield>
	<datafield ind1="0" ind2="7" tag="600">
		<subfield code="a">
			Muḥammad,
		</subfield>
		<subfield code="c">
			Prophet,
		</subfield>
		<subfield code="d">
			-632
		</subfield>
		<subfield code="2">
			fast
		</subfield>
		<subfield code="0">
			(OCoLC)fst01836298
		</subfield>
	</datafield>
	<datafield ind1=" " ind2="7" tag="651">
		<subfield code="a">
			Arabian Peninsula.
		</subfield>
		<subfield code="2">
			fast
		</subfield>
		<subfield code="0">
			(OCoLC)fst01240131
		</subfield>
	</datafield>
	<datafield ind1=" " ind2="7" tag="651">
		<subfield code="a">
			Islamic Empire.
		</subfield>
		<subfield code="2">
			fast
		</subfield>
		<subfield code="0">
			(OCoLC)fst01244134
		</subfield>
	</datafield>
	<datafield ind1=" " ind2="7" tag="655">
		<subfield code="a">
			History.
		</subfield>
		<subfield code="2">
			fast
		</subfield>
		<subfield code="0">
			(OCoLC)fst01411628
		</subfield>
	</datafield>
	<datafield ind1="2" ind2=" " tag="710">
		<subfield code="a">
			New York University.
		</subfield>
		<subfield code="b">
			Libraries.
		</subfield>
	</datafield>
	<datafield ind1="0" ind2=" " tag="730">
		<subfield code="a">
			Arabic Collections Online.
		</subfield>
	</datafield>
	<datafield ind1="0" ind2="8" tag="776">
		<subfield code="i">
			Print version:
		</subfield>
		<subfield code="a">
			ʻAlī, Jawād.
		</subfield>
		<subfield code="t">
			Taʼrīkh al-ʻArab fī al-Islām, al-sīrah al-Nabawīyah
		</subfield>
		<subfield code="w">
			(NNU)001678421
		</subfield>
	</datafield>
	<datafield ind1="4" ind2="0" tag="856">
		<subfield code="u">
			http://hdl.handle.net/2333.1/wdbrv3s8
		</subfield>
	</datafield>
	<datafield ind1="1" ind2=" " tag="880">
		<subfield code="6">
			100-01/
		</subfield>
		<subfield code="a">
			علي، جواد.
		</subfield>
	</datafield>
	<datafield ind1="1" ind2="0" tag="880">
		<subfield code="6">
			245-02/
		</subfield>
		<subfield code="a">
			تأريخ العرب في الاسلام، السيرة النبوية /
		</subfield>
		<subfield code="c">
			تأليف جواد علي.
		</subfield>
	</datafield>
	<datafield ind1=" " ind2=" " tag="880">
		<subfield code="6">
			260-03/
		</subfield>
		<subfield code="a">
			بغداد :
		</subfield>
		<subfield code="b">
			مطبعة الزعيم،
		</subfield>
		<subfield code="c">
			1961-
		</subfield>
	</datafield>
	<datafield ind1="0" ind2="0" tag="880">
		<subfield code="6">
			600-04/
		</subfield>
		<subfield code="a">
			محمد،
		</subfield>
		<subfield code="c">
			Prophet,
		</subfield>
		<subfield code="d">
			-632.
		</subfield>
	</datafield>
	<datafield ind1=" " ind2=" " tag="959">
		<subfield code="a">
			NNU
		</subfield>
		<subfield code="b">
			WEB
		</subfield>
		<subfield code="c">
			GENI
		</subfield>
		<subfield code="t">
			0
		</subfield>
		<subfield code="m">
			Electronic access
		</subfield>
		<subfield code="s">
			01
		</subfield>
	</datafield>
	<datafield ind1=" " ind2=" " tag="999">
		<subfield code="i">
			NNU_001678421
		</subfield>
		<subfield code="s">
			nyu_aco001092:v.1
		</subfield>
	</datafield>
</record>
